<?xml version="1.0" encoding="UTF-8"?><collection xmlns="http://www.loc.gov/MARC21/slim"><record><leader>00408nam--2200145-i-4500</leader><controlfield tag="001">000017082</controlfield><controlfield tag="002">20161230</controlfield><controlfield tag="005">20161230201032</controlfield><controlfield tag="008">060222s1000------------r-----000-0-eng-d</controlfield><datafield ind1=" " ind2=" " tag="080"><subfield code="a">515.175.2</subfield></datafield><datafield ind1=" " ind2=" " tag="100"><subfield code="a">Barbu, V. And Precupanu, Th</subfield></datafield><datafield ind1=" " ind2=" " tag="245"><subfield code="a">Convexity and optimization in banach spaces</subfield></datafield><datafield ind1=" " ind2=" " tag="260"><subfield code="a">Bucuresti, Ed. Academiei Rsr., 1978. Xi + 316 P</subfield></datafield><datafield ind1=" " ind2=" " tag="852"><subfield code="a">79723</subfield><subfield code="c">517</subfield></datafield><datafield ind1=" " ind2=" " tag="CAT"><subfield code="a">Sys</subfield><subfield code="c">20080711</subfield><subfield code="h">094414</subfield></datafield></record></collection>